@book{OOAD,
    author    = "Craig Larman",
    title     = "Applying UML and Patterns: An Introduction to Object-Oriented Analysis and Design and Iterative 								Development, 3rd edition",
    year      = "2004",
    publisher = "Addison-Wesley",
    address   = "Reading, Massachusetts"
}

@book{CSHARP,
	author = "Ian Griffiths, Matthew Adams, and Jesse Liberty",
	title = "Programming C\# 4.0, Sixth Edition",
	year = "2010",
	publisher = "O'reilly"
}

@book{MLB,
	author = "Michele Leroux Bustamante",
	title = "Learning WCF; A Hands-on Guide, First Edition",
	year = "2007",
	publisher = "O'reilly"
}

@article{CH,
	author = "Cramton, Hinds",
	title = "Subgroup Dynamics in Internationally Distributed Teams: Ethnocentrism or Cross-National Learning?",
	year = "2005"
}

@article{JGO,
	author = "Judith Olson, Gary Olson",
	title = "Subgroup Dynamics in Internationally Distributed Teams: Ethnocentrism or Cross-National Learning?",
	year = "2004"
}

@misc{NH,
      author = "Niels Hallenberg",
      title = "Slides from lecture on International Collaboration",
      year = "2013",
      url = "http://www.itu.dk/people/nh/BAAAP/2013/distSWDeveloping.pdf"
}

@misc{MF,
      author = "Martin Fowler",
      title = "Continuous Integration",
      year = "2006",
      url = "http://www.martinfowler.com/articles/continuousIntegration.html"
}

@misc{RS,
      author = "Wikipedia",
      title = "Recommender System",
      howpublished = "\url{http://en.wikipedis.org/wiki/Recommender_system}",
      year = "2013"
}

@misc{SOAP,
      author = "Wikipedia",
      title = "SOAP",
      howpublished = "\url{http://en.wikipedis.org/wiki/Soap#Disadvantagdes}",
      year = "2013"
}

@misc{PP,
      author = "PayPal",
      title = "REST API Reference",
      howpublished = "\url{https://developer.paypal.com/webapps/developer/docs/api/}",
      year = "2013"
}

@misc{FB,
      author = "Facebook",
      title = "The Login Flow for Web",
      howpublished = "\url{http://developers.facebook.com/docs/facebook-login/login-flow-for-web/}",
      year = "2013"
}

@misc{MSDN,
      author = "MSDN",
      title = "How to: Configure an IIS-hosted WCF service with SSL",
      howpublished = "\url{http://msdn.microsoft.com/en-us/library/hh556232.aspx}",
      year = "2013"
}

@misc{AFB,
      author = "Adobe Features Blog",
      title = "Flash to Focus on PC Browsing and Mobile Apps; Adobe to More Aggressively Contribute to HTML5",
      howpublished = "\url{http://blogs.adobe.com/conversations/2011/11/flash-focus.html}",
      year = "2011"
}

@misc{LL,
      author = "Lawrence Lessig",
      title = "Laws that choke creativity",
      howpublished = "\url{http://www.ted.com/talks/larry_lessig_says_the_law_is_strangling_creativity.html}",
      year = "2007"
}